%YAML 1.1
%TAG !u! tag:unity3d.com,2011:
--- !u!1 &167626
GameObject:
  m_ObjectHideFlags: 0
  m_PrefabParentObject: {fileID: 0}
  m_PrefabInternal: {fileID: 100100000}
  serializedVersion: 4
  m_Component:
  - 4: {fileID: 404690}
  - 212: {fileID: 21221070}
  - 50: {fileID: 5015156}
  - 61: {fileID: 6143408}
  - 114: {fileID: 11478446}
  - 114: {fileID: 11439560}
  - 114: {fileID: 11460700}
  - 114: {fileID: 11486160}
  - 114: {fileID: 11497130}
  - 114: {fileID: 11492378}
  m_Layer: 10
  m_Name: CivDude
  m_TagString: Civvie
  m_Icon: {fileID: 0}
  m_NavMeshLayer: 0
  m_StaticEditorFlags: 0
  m_IsActive: 1
--- !u!4 &404690
Transform:
  m_ObjectHideFlags: 1
  m_PrefabParentObject: {fileID: 0}
  m_PrefabInternal: {fileID: 100100000}
  m_GameObject: {fileID: 167626}
  m_LocalRotation: {x: 0, y: 0, z: 0, w: 1}
  m_LocalPosition: {x: .386999995, y: 1.19500005, z: 0}
  m_LocalScale: {x: 1, y: 1, z: 1}
  m_Children: []
  m_Father: {fileID: 0}
  m_RootOrder: 0
--- !u!50 &5015156
Rigidbody2D:
  serializedVersion: 2
  m_ObjectHideFlags: 1
  m_PrefabParentObject: {fileID: 0}
  m_PrefabInternal: {fileID: 100100000}
  m_GameObject: {fileID: 167626}
  m_Mass: 1
  m_LinearDrag: 0
  m_AngularDrag: .0500000007
  m_GravityScale: 1
  m_IsKinematic: 1
  m_Interpolate: 0
  m_SleepingMode: 1
  m_CollisionDetection: 0
  m_Constraints: 0
--- !u!61 &6143408
BoxCollider2D:
  m_ObjectHideFlags: 1
  m_PrefabParentObject: {fileID: 0}
  m_PrefabInternal: {fileID: 100100000}
  m_GameObject: {fileID: 167626}
  m_Enabled: 1
  m_Material: {fileID: 0}
  m_IsTrigger: 0
  m_UsedByEffector: 0
  m_Offset: {x: 0, y: 0}
  serializedVersion: 2
  m_Size: {x: .09375, y: .09375}
--- !u!114 &11439560
MonoBehaviour:
  m_ObjectHideFlags: 1
  m_PrefabParentObject: {fileID: 0}
  m_PrefabInternal: {fileID: 100100000}
  m_GameObject: {fileID: 167626}
  m_Enabled: 1
  m_EditorHideFlags: 0
  m_Script: {fileID: 11500000, guid: c1334ef2437931f45a87b4aa626b0a60, type: 3}
  m_Name: 
  m_EditorClassIdentifier: 
  deaths:
  - squish
  - fire
  - lightning
  - acid
  gibs:
  - {fileID: 173260, guid: 5f7e6d920d587e74297a2eecada84a24, type: 2}
  - {fileID: 111410, guid: 90986156580357f4dac92bfb4462aaf6, type: 2}
  - {fileID: 145496, guid: d0f1f55b49d914743a74cd4ec878e9da, type: 2}
  - {fileID: 169248, guid: 5e32004ee5cb0254d80105b0ecdd059f, type: 2}
--- !u!114 &11460700
MonoBehaviour:
  m_ObjectHideFlags: 1
  m_PrefabParentObject: {fileID: 0}
  m_PrefabInternal: {fileID: 100100000}
  m_GameObject: {fileID: 167626}
  m_Enabled: 1
  m_EditorHideFlags: 0
  m_Script: {fileID: 11500000, guid: 792ae01c260b11e408e1888d89c057ea, type: 3}
  m_Name: 
  m_EditorClassIdentifier: 
  offCamTime: 30
  moveOffCamTime: 30
--- !u!114 &11478446
MonoBehaviour:
  m_ObjectHideFlags: 1
  m_PrefabParentObject: {fileID: 0}
  m_PrefabInternal: {fileID: 100100000}
  m_GameObject: {fileID: 167626}
  m_Enabled: 1
  m_EditorHideFlags: 0
  m_Script: {fileID: 11500000, guid: 09acb63e6165c3240825bd4df1aeb8ce, type: 3}
  m_Name: 
  m_EditorClassIdentifier: 
  target: {fileID: 0}
  distance: 1
  delayMin: .200000003
  delayMax: 1
  turnSpeed: 20
  moveSpeed: 1.25
  moveFacingMargin: 20
--- !u!114 &11486160
MonoBehaviour:
  m_ObjectHideFlags: 1
  m_PrefabParentObject: {fileID: 0}
  m_PrefabInternal: {fileID: 100100000}
  m_GameObject: {fileID: 167626}
  m_Enabled: 1
  m_EditorHideFlags: 0
  m_Script: {fileID: 11500000, guid: 80abc9adbc9162a478017b781faa4e0d, type: 3}
  m_Name: 
  m_EditorClassIdentifier: 
  points: 10
--- !u!114 &11492378
MonoBehaviour:
  m_ObjectHideFlags: 1
  m_PrefabParentObject: {fileID: 0}
  m_PrefabInternal: {fileID: 100100000}
  m_GameObject: {fileID: 167626}
  m_Enabled: 1
  m_EditorHideFlags: 0
  m_Script: {fileID: 11500000, guid: 3e6492df0e63a864c98ac95bff7daa34, type: 3}
  m_Name: 
  m_EditorClassIdentifier: 
  disable:
  - {fileID: 11478446}
--- !u!114 &11497130
MonoBehaviour:
  m_ObjectHideFlags: 1
  m_PrefabParentObject: {fileID: 0}
  m_PrefabInternal: {fileID: 100100000}
  m_GameObject: {fileID: 167626}
  m_Enabled: 1
  m_EditorHideFlags: 0
  m_Script: {fileID: 11500000, guid: b1d3eaffc71e2a94d85dde2f5a8ffe40, type: 3}
  m_Name: 
  m_EditorClassIdentifier: 
--- !u!212 &21221070
SpriteRenderer:
  m_ObjectHideFlags: 1
  m_PrefabParentObject: {fileID: 0}
  m_PrefabInternal: {fileID: 100100000}
  m_GameObject: {fileID: 167626}
  m_Enabled: 1
  m_CastShadows: 0
  m_ReceiveShadows: 0
  m_Materials:
  - {fileID: 10754, guid: 0000000000000000e000000000000000, type: 0}
  m_SubsetIndices: 
  m_StaticBatchRoot: {fileID: 0}
  m_UseLightProbes: 0
  m_ReflectionProbeUsage: 0
  m_ProbeAnchor: {fileID: 0}
  m_ScaleInLightmap: 1
  m_PreserveUVs: 0
  m_ImportantGI: 0
  m_AutoUVMaxDistance: .5
  m_AutoUVMaxAngle: 89
  m_LightmapParameters: {fileID: 0}
  m_SortingLayerID: 0
  m_SortingOrder: 0
  m_Sprite: {fileID: 21300004, guid: cb3d37cd7f506484f81edbcd579cd0d8, type: 3}
  m_Color: {r: 1, g: 1, b: 1, a: 1}
--- !u!1001 &100100000
Prefab:
  m_ObjectHideFlags: 1
  serializedVersion: 2
  m_Modification:
    m_TransformParent: {fileID: 0}
    m_Modifications:
    - target: {fileID: 0}
      propertyPath: gibs.Array.size
      value: 4
      objectReference: {fileID: 0}
    - target: {fileID: 0}
      propertyPath: deaths.Array.size
      value: 4
      objectReference: {fileID: 0}
    - target: {fileID: 0}
      propertyPath: disable.Array.size
      value: 1
      objectReference: {fileID: 0}
    - target: {fileID: 0}
      propertyPath: m_TagString
      value: Civvie
      objectReference: {fileID: 0}
    - target: {fileID: 0}
      propertyPath: delayMin
      value: .200000003
      objectReference: {fileID: 0}
    - target: {fileID: 0}
      propertyPath: delayMax
      value: 1
      objectReference: {fileID: 0}
    - target: {fileID: 0}
      propertyPath: distance
      value: 1
      objectReference: {fileID: 0}
    - target: {fileID: 0}
      propertyPath: disable.Array.data[0]
      value: 
      objectReference: {fileID: 11478446}
    - target: {fileID: 0}
      propertyPath: moveOffCamTime
      value: 30
      objectReference: {fileID: 0}
    - target: {fileID: 0}
      propertyPath: deaths.Array.data[3]
      value: acid
      objectReference: {fileID: 0}
    m_RemovedComponents: []
  m_ParentPrefab: {fileID: 0}
  m_RootGameObject: {fileID: 167626}
  m_IsPrefabParent: 1
